<?xml version="1.0" encoding="UTF-8"?><collection xmlns="http://www.loc.gov/MARC21/slim"><record><leader>00535nam--2200169-u-4500</leader><controlfield tag="001">000055516</controlfield><controlfield tag="002">20161230</controlfield><controlfield tag="005">20161230201052</controlfield><controlfield tag="008">130218s1000------------r-----000-0-eng-d</controlfield><datafield ind1=" " ind2=" " tag="040"><subfield code="a">IFIN-HH</subfield></datafield><datafield ind1=" " ind2=" " tag="080"><subfield code="a">413.232=2=S:629.19</subfield></datafield><datafield ind1="1" ind2=" " tag="100"><subfield code="a">Murashkevich, A.M</subfield></datafield><datafield ind1="1" ind2="0" tag="245"><subfield code="a">English-russian rocket dictionary</subfield><subfield code="b">Anglo-russkii slovari po reketnoi tehnike</subfield><subfield code="c">A.m. murashkevich</subfield></datafield><datafield ind1=" " ind2=" " tag="260"><subfield code="a">Moskva</subfield><subfield code="b">State Publishing Office For Physical And Mathematical Literature</subfield><subfield code="c">1958</subfield></datafield><datafield ind1=" " ind2=" " tag="300"><subfield code="a">231P</subfield></datafield><datafield ind1=" " ind2=" " tag="852"><subfield code="a">D.125</subfield><subfield code="c">SLT</subfield></datafield><datafield ind1=" " ind2=" " tag="CAT"><subfield code="a">Sys</subfield><subfield code="c">20130218</subfield><subfield code="h">150215</subfield></datafield></record></collection>